<record><leader>00000cas a2200000 a 4500</leader><controlfield tag="001">31585675</controlfield><controlfield tag="007">hd afb---baaa</controlfield><controlfield tag="008">920310c198u9999fluwr n a     0    0eng c</controlfield><datafield ind1=" " ind2=" " tag="010"><subfield code="a">  2011229384</subfield></datafield><datafield ind1=" " ind2=" " tag="040"><subfield code="a">HUC</subfield><subfield code="b">eng</subfield><subfield code="c">HUC</subfield><subfield code="d">OCL</subfield><subfield code="d">OCLCQ</subfield><subfield code="d">FUG</subfield><subfield code="d">OCLCF</subfield><subfield code="d">OCLCO</subfield><subfield code="d">OCL</subfield><subfield code="d">OCLCQ</subfield></datafield><datafield ind1=" " ind2=" " tag="042"><subfield code="a">pcc</subfield></datafield><datafield ind1=" " ind2=" " tag="043"><subfield code="a">n-us-fl</subfield></datafield><datafield ind1="0" ind2="0" tag="245"><subfield code="a">Broward Jewish world.</subfield></datafield><datafield ind1=" " ind2=" " tag="260"><subfield code="a">Boca Raton, Fla. :</subfield><subfield code="b">Jewish Media Group.</subfield></datafield><datafield ind1=" " ind2=" " tag="300"><subfield code="a">volumes :</subfield><subfield code="b">illustrations ;</subfield><subfield code="c">54 cm</subfield></datafield><datafield ind1=" " ind2=" " tag="310"><subfield code="a">Weekly</subfield></datafield><datafield ind1=" " ind2=" " tag="336"><subfield code="a">text</subfield><subfield code="b">txt</subfield><subfield code="2">rdacontent</subfield></datafield><datafield ind1=" " ind2=" " tag="337"><subfield code="a">microform</subfield><subfield code="b">h</subfield><subfield code="2">rdamedia</subfield></datafield><datafield ind1=" " ind2=" " tag="338"><subfield code="a">microfilm reel</subfield><subfield code="b">hd</subfield><subfield code="2">rdacarrier</subfield></datafield><datafield ind1="0" ind2=" " tag="362"><subfield code="a">Vol. 10, no. 44 (Oct. 25-31, 1991)-v.13, no. 7 (Feb. 25-Mar. 3, 1994).</subfield></datafield><datafield ind1=" " ind2=" " tag="500"><subfield code="a">Publisher varies.</subfield></datafield><datafield ind1=" " ind2=" " tag="500"><subfield code="a">"Merged with the Miami Jewish tribune and the Palm Beach Jewish world to form South Florida Jewish tribune"--Microfilm.</subfield></datafield><datafield ind1=" " ind2=" " tag="588"><subfield code="a">Description based on: Vol. 10, no. 44 (Oct. 25-31, 1991).</subfield></datafield><datafield ind1=" " ind2=" " tag="533"><subfield code="a">Microfilm.</subfield><subfield code="m">1991:Oct. 25-1994:Mar. 3:[some issues missing].</subfield><subfield code="b">Cincinnati, Ohio :</subfield><subfield code="c">American Jewish Periodical Center,</subfield><subfield code="d">1994.</subfield><subfield code="e">2 microfilm reels : positive ; 35 mm.</subfield></datafield><datafield ind1=" " ind2="0" tag="650"><subfield code="a">Jewish newspapers</subfield><subfield code="z">Florida</subfield><subfield code="z">Broward County.</subfield></datafield><datafield ind1=" " ind2="0" tag="650"><subfield code="a">Jewish newspapers</subfield><subfield code="z">Florida.</subfield></datafield><datafield ind1=" " ind2="0" tag="651"><subfield code="a">Boca Raton (Fla.)</subfield><subfield code="v">Newspapers.</subfield></datafield><datafield ind1=" " ind2="0" tag="651"><subfield code="a">Palm Beach County (Fla.)</subfield><subfield code="v">Newspapers.</subfield></datafield><datafield ind1=" " ind2="0" tag="651"><subfield code="a">Broward County (Fla.)</subfield><subfield code="v">Newspapers.</subfield></datafield><datafield ind1=" " ind2="7" tag="650"><subfield code="a">Jewish newspapers.</subfield><subfield code="2">fast</subfield><subfield code="0">(OCoLC)fst00982872</subfield></datafield><datafield ind1=" " ind2="7" tag="651"><subfield code="a">Florida.</subfield><subfield code="2">fast</subfield><subfield code="0">(OCoLC)fst01205150</subfield></datafield><datafield ind1=" " ind2="7" tag="651"><subfield code="a">Florida</subfield><subfield code="z">Boca Raton.</subfield><subfield code="2">fast</subfield><subfield code="0">(OCoLC)fst01205583</subfield></datafield><datafield ind1=" " ind2="7" tag="651"><subfield code="a">Florida</subfield><subfield code="z">Broward County.</subfield><subfield code="2">fast</subfield><subfield code="0">(OCoLC)fst01202766</subfield></datafield><datafield ind1=" " ind2="7" tag="651"><subfield code="a">Florida</subfield><subfield code="z">Palm Beach County.</subfield><subfield code="2">fast</subfield><subfield code="0">(OCoLC)fst01205639</subfield></datafield><datafield ind1=" " ind2="7" tag="655"><subfield code="a">Newspapers.</subfield><subfield code="2">fast</subfield><subfield code="0">(OCoLC)fst01423814</subfield></datafield><datafield ind1=" " ind2=" " tag="752"><subfield code="a">United States</subfield><subfield code="b">Florida</subfield><subfield code="c">Palm Beach</subfield><subfield code="d">Boca Raton.</subfield></datafield><datafield ind1=" " ind2=" " tag="752"><subfield code="a">United States</subfield><subfield code="b">Florida</subfield><subfield code="c">Broward.</subfield></datafield><datafield ind1="1" ind2=" " tag="776"><subfield code="c">Original</subfield><subfield code="w">(OCoLC)32595579</subfield></datafield><datafield ind1="1" ind2="7" tag="785"><subfield code="t">Palm Beach Jewish world (West Palm Beach, Fla. : 1989)</subfield><subfield code="w">(DLC)sn 91065006</subfield><subfield code="w">(OCoLC)23288796</subfield></datafield><datafield ind1="1" ind2="7" tag="785"><subfield code="t">Miami Jewish tribune</subfield><subfield code="x">0891-6659</subfield><subfield code="w">(DLC)sn 86010622</subfield><subfield code="w">(OCoLC)14947978</subfield></datafield><datafield ind1="1" ind2="7" tag="785"><subfield code="t">South Florida Jewish tribune (Miami, Fla. : Broward ed.)</subfield><subfield code="w">(DLC)sn 95068811</subfield><subfield code="w">(OCoLC)32595670</subfield></datafield></record>